@misc{mcmahan2017fedavg,
      title={Communication-Efficient Learning of Deep Networks from Decentralized Data}, 
      author={H. Brendan McMahan and Eider Moore and Daniel Ramage and Seth Hampson and Blaise Agüera y Arcas},
      year={2023},
      eprint={1602.05629},
      archivePrefix={arXiv},
      primaryClass={cs.LG},
      url={https://arxiv.org/abs/1602.05629}, 
}

@misc{silver2017mastering,
      title={Mastering Chess and Shogi by Self-Play with a General Reinforcement Learning Algorithm}, 
      author={David Silver and Thomas Hubert and Julian Schrittwieser and Ioannis Antonoglou and Matthew Lai and Arthur Guez and Marc Lanctot and Laurent Sifre and Dharshan Kumaran and Thore Graepel and Timothy Lillicrap and Karen Simonyan and Demis Hassabis},
      year={2017},
      eprint={1712.01815},
      archivePrefix={arXiv},
      primaryClass={cs.AI},
      url={https://arxiv.org/abs/1712.01815}, 
}

@book{matanovic1974encyclopedia,
    title={Encyclopaedia of Chess Openings},
    author={Matanović, Aleksandar and Molerović, Milivoje and Božić, Aleksandar and others},
    year={1974--1979},
    publisher={Chess Informant},
    address={Belgrade},
    volumes={5},
    note={Compiled by grandmaster editorial board including Botvinnik, M., Kasparov, G., Korchnoi, V., Larsen, B., Geller, E., and others}
}

@misc{demarzo2022quantifying,
    title={Quantifying the complexity and similarity of chess openings using online chess community data},
    author={De Marzo, Giordano and Servedio, Vito D. P.},
    year={2022},
    eprint={2206.14312},
    archivePrefix={arXiv},
    primaryClass={physics.soc-ph},
    url={https://arxiv.org/abs/2206.14312},
    note={Version 2, submitted July 23, 2022}
}

@misc{li2020federated,
    title={Federated Optimization in Heterogeneous Networks},
    author={Li, Tian and Sahu, Anit Kumar and Zaheer, Manzil and Sanjabi, Maziar and Talwalkar, Ameet and Smith, Virginia},
    year={2019},
    eprint={1812.06127},
    archivePrefix={arXiv},
    primaryClass={cs.LG},
    url={https://arxiv.org/abs/1812.06127}
}

@misc{chess_opening_styles,
    title={Classification of Chess Openings by Style},
    author={Wall, Bill},
    year={2020},
    howpublished={\url{https://billwallchess.blogspot.com/2020/12/classification-of-chess-openings.html}},
    note={Chess Informant-based classification: "Tactical openings are usually gambits or sharp openings. Positional openings are usually closed openings"}
}